<record><leader>00000cas a22000007a 4500</leader><controlfield tag="001">11826825</controlfield><controlfield tag="008">850320d188u1890iaudn ne      0    0eng d</controlfield><datafield ind1=" " ind2=" " tag="010"><subfield code="a">sn 85049556 </subfield></datafield><datafield ind1=" " ind2=" " tag="040"><subfield code="a">INP</subfield><subfield code="b">eng</subfield><subfield code="c">INP</subfield><subfield code="d">OCLCQ</subfield><subfield code="d">DLC</subfield></datafield><datafield ind1=" " ind2=" " tag="042"><subfield code="a">msc</subfield></datafield><datafield ind1="0" ind2=" " tag="130"><subfield code="a">Times-Republican (Marshalltown, Iowa : 1888)</subfield></datafield><datafield ind1="1" ind2="0" tag="245"><subfield code="a">Times-Republican.</subfield></datafield><datafield ind1="3" ind2="0" tag="246"><subfield code="a">Daily times Republican</subfield></datafield><datafield ind1=" " ind2=" " tag="260"><subfield code="a">Marshalltown, Iowa :</subfield><subfield code="b">Times-Republican Print. Co.,</subfield><subfield code="c">-1890.</subfield></datafield><datafield ind1=" " ind2=" " tag="300"><subfield code="a">v. :</subfield><subfield code="b">ill.</subfield></datafield><datafield ind1=" " ind2=" " tag="310"><subfield code="a">Daily (except Sunday)</subfield></datafield><datafield ind1="0" ind2=" " tag="362"><subfield code="a">-v. 16, no. 56 (Mar. 5, 1890).</subfield></datafield><datafield ind1=" " ind2=" " tag="500"><subfield code="a">Originally edited by: Silas C. McFarland.</subfield></datafield><datafield ind1=" " ind2=" " tag="588"><subfield code="a">Description based on: Vol. 14, no. 153 (June 24, 1888).</subfield></datafield><datafield ind1=" " ind2=" " tag="752"><subfield code="a">United States</subfield><subfield code="b">Iowa</subfield><subfield code="c">Marshall</subfield><subfield code="d">Marshalltown.</subfield></datafield><datafield ind1="0" ind2="0" tag="780"><subfield code="t">Marshall daily times-Republican</subfield><subfield code="w">(DLC)sn 85049555</subfield></datafield><datafield ind1="0" ind2="0" tag="785"><subfield code="t">Evening times-Republican</subfield><subfield code="x">2375-320X</subfield><subfield code="w">(DLC)sn 85049554</subfield><subfield code="w">(OCoLC)11826833</subfield></datafield></record>